@INPROCEEDINGS{adam:cooling,
	AUTHOR = "Zhenhua Liu and Yuan Chen and Cullen Bash and Adam Wierman and Daniel Gmach and Zhikui Wang and Manish Marwah and Chris Hyser",
	TITLE = "Renewable and Cooling Aware Workload Management for Sustainable Data Centers",
	BOOKTITLE = "Proceedings of ACM Sigmetrics",
	ORGANIZATION = "Sigmetrics held jointly with IFIP Performance",
	YEAR = {2012}
}

@INPROCEEDINGS{adam:GLB,
	AUTHOR = "Zhenhua Liu and Minghong Lin and Adam Wierman and Steven Low and Lachlan L. H. Andrew",
	TITLE = "Geographical Load Balancing with Renewables",
	BOOKTITLE = "Proceedings of ACM Greenmetrics",
	YEAR = {2011}
}

@ARTICLE{adam:GLBfull,
	AUTHOR = "Zhenhua Liu and Minghong Lin and Adam Wierman and Steven Low and Lachlan L. H. Andrew",
	TITLE = "Green Geographical Load Balancing",
	JOURNAL = {Preprint},
	BOOKTITLE = "Extension of a paper that appeared in ACM Sigmetrics",
	YEAR = {2011}
}

@BOOK{datacenter,
	AUTHOR = "Luiz André Barroso and Urs Hölzle",
	TITLE = "The Datacenter as a Computer: An Introduction to the Design of Warehouse-Scale Machines",
	PUBLISHER = "Morgan and Claypool",
	YEAR = "2009"
}

@ARTICLE{energyData,
	AUTHOR = "http://www.eia.doe.gov",
	YEAR = "2010"
}

@ARTICLE{renew1,
	AUTHOR = "http://www.nrel.gov/rredc/",
	YEAR = "2010"
}

@ARTICLE{renew2,
	AUTHOR = "http://wind.nrel.gov/",
	YEAR = "2010"
}

@ARTICLE{temp,
	AUTHOR = "http://www.ncdc.noaa.gov/",
	YEAR = "2012"
}

@ARTICLE{carbon,
	AUTHOR = "http://thepowerfactor.wordpress.com/2011/04/21/co2-emissions-per-electrical-energy-unit-kgco2kwh-by-us-state/",
	YEAR = "2011"
}

